<record><leader>00000cas a2200000 a 4500</leader><controlfield tag="001">11148110</controlfield><controlfield tag="008">840913c19849999ilucr ne      0   a0eng c</controlfield><datafield ind1=" " ind2=" " tag="010"><subfield code="a">sn 84006977 </subfield></datafield><datafield ind1=" " ind2=" " tag="040"><subfield code="a">NSD</subfield><subfield code="b">eng</subfield><subfield code="c">NSD</subfield><subfield code="d">NVF</subfield><subfield code="d">DLC</subfield><subfield code="d">OCL</subfield><subfield code="d">NVF</subfield><subfield code="d">OCLCQ</subfield><subfield code="d">NVF</subfield><subfield code="d">OCLCQ</subfield><subfield code="d">OCLCF</subfield><subfield code="d">OCLCO</subfield></datafield><datafield ind1=" " ind2=" " tag="012"><subfield code="m">1</subfield></datafield><datafield ind1=" " ind2=" " tag="019"><subfield code="a">22135725</subfield></datafield><datafield ind1="1" ind2=" " tag="022"><subfield code="a">8750-2380</subfield><subfield code="l">8750-2380</subfield><subfield code="2">1</subfield></datafield><datafield ind1=" " ind2=" " tag="032"><subfield code="a">092520</subfield><subfield code="b">USPS</subfield></datafield><datafield ind1=" " ind2=" " tag="037"><subfield code="b">Clark County Publishing Co., P.O. Box 158, Casey, IL 62420</subfield></datafield><datafield ind1=" " ind2=" " tag="042"><subfield code="a">nsdp</subfield><subfield code="a">pcc</subfield></datafield><datafield ind1=" " ind2=" " tag="043"><subfield code="a">n-us-il</subfield></datafield><datafield ind1="0" ind2=" " tag="130"><subfield code="a">Reporter (Casey, Ill.)</subfield></datafield><datafield ind1=" " ind2="4" tag="222"><subfield code="a">The Reporter</subfield><subfield code="b">(Casey, Ill.)</subfield></datafield><datafield ind1="0" ind2="4" tag="245"><subfield code="a">The reporter.</subfield></datafield><datafield ind1=" " ind2=" " tag="260"><subfield code="a">Casey, Ill. :</subfield><subfield code="b">Clark County Pub. Co.,</subfield><subfield code="c">1984-</subfield></datafield><datafield ind1=" " ind2=" " tag="300"><subfield code="a">v.</subfield></datafield><datafield ind1=" " ind2=" " tag="310"><subfield code="a">Semiweekly</subfield></datafield><datafield ind1="0" ind2=" " tag="362"><subfield code="a">Vol. 40, issue 95 (Sept. 4, 1984)-</subfield></datafield><datafield ind1=" " ind2="0" tag="651"><subfield code="a">Casey (Ill.)</subfield><subfield code="v">Newspapers.</subfield></datafield><datafield ind1=" " ind2="7" tag="655"><subfield code="a">Newspapers.</subfield><subfield code="2">fast</subfield><subfield code="0">(OCoLC)fst01423814</subfield></datafield><datafield ind1=" " ind2="7" tag="651"><subfield code="a">Illinois</subfield><subfield code="z">Casey.</subfield><subfield code="2">fast</subfield><subfield code="0">(OCoLC)fst01234603</subfield></datafield><datafield ind1=" " ind2=" " tag="752"><subfield code="a">United States</subfield><subfield code="b">Illinois</subfield><subfield code="c">Clark</subfield><subfield code="d">Casey.</subfield></datafield><datafield ind1="0" ind2="0" tag="780"><subfield code="t">Daily reporter (Casey, Ill.)</subfield><subfield code="w">(DLC)sn 90054110</subfield><subfield code="w">(OCoLC)22135640</subfield></datafield><datafield ind1="0" ind2="5" tag="780"><subfield code="t">Martinsville planet</subfield><subfield code="g">Feb. 1, 1991</subfield><subfield code="w">(DLC)sn 90054771</subfield><subfield code="w">(OCoLC)22364143</subfield></datafield><datafield ind1="0" ind2="5" tag="780"><subfield code="t">Westfield review</subfield><subfield code="g">Aug. 1, 1986</subfield><subfield code="w">(DLC)sn 90054773</subfield><subfield code="w">(OCoLC)22369854</subfield></datafield></record>